<record><leader>00000cas a22000007a 4500</leader><controlfield tag="001">9352300</controlfield><controlfield tag="008">830328d18311831maucr ne      0    0eng d</controlfield><controlfield tag="009">3768</controlfield><datafield ind1=" " ind2=" " tag="010"><subfield code="a">sn 83020462 </subfield></datafield><datafield ind1=" " ind2=" " tag="040"><subfield code="a">NPX</subfield><subfield code="b">eng</subfield><subfield code="c">NPX</subfield><subfield code="d">DLC</subfield><subfield code="d">MGN</subfield><subfield code="d">DLC</subfield><subfield code="d">OCLCF</subfield><subfield code="d">OCLCA</subfield></datafield><datafield ind1="1" ind2=" " tag="029"><subfield code="a">AU@</subfield><subfield code="b">000025792423</subfield></datafield><datafield ind1=" " ind2=" " tag="042"><subfield code="a">msc</subfield></datafield><datafield ind1=" " ind2=" " tag="043"><subfield code="a">n-us-ma</subfield></datafield><datafield ind1="0" ind2="0" tag="050"><subfield code="a">Newspaper</subfield></datafield><datafield ind1="0" ind2="0" tag="245"><subfield code="a">Newburyport advertiser and Merrimac journal of the times.</subfield></datafield><datafield ind1=" " ind2=" " tag="260"><subfield code="a">Newburyport [Mass.] :</subfield><subfield code="b">Joseph H. Buckingham</subfield></datafield><datafield ind1=" " ind2=" " tag="300"><subfield code="a">v. ;</subfield><subfield code="c">35 cm.</subfield></datafield><datafield ind1=" " ind2=" " tag="310"><subfield code="a">Semiweekly</subfield></datafield><datafield ind1="0" ind2=" " tag="362"><subfield code="a">Vol. 1, no. 1 (May 7, 1831)-v. 1, no. 68 (Dec. 31, 1831).</subfield></datafield><datafield ind1=" " ind2=" " tag="500"><subfield code="a">National Republican.</subfield></datafield><datafield ind1=" " ind2="0" tag="651"><subfield code="a">Newburyport (Mass.)</subfield><subfield code="v">Newspapers.</subfield></datafield><datafield ind1=" " ind2="7" tag="655"><subfield code="a">Newspapers.</subfield><subfield code="2">fast</subfield><subfield code="0">(OCoLC)fst01423814</subfield></datafield><datafield ind1=" " ind2="7" tag="651"><subfield code="a">Massachusetts</subfield><subfield code="z">Newburyport.</subfield><subfield code="2">fast</subfield><subfield code="0">(OCoLC)fst01215824</subfield></datafield><datafield ind1=" " ind2=" " tag="752"><subfield code="a">United States</subfield><subfield code="b">Massachusetts</subfield><subfield code="c">Essex</subfield><subfield code="d">Newburyport.</subfield></datafield><datafield ind1="0" ind2="0" tag="785"><subfield code="t">Newburyport advertiser (Newburyport, Mass. : 1832)</subfield><subfield code="w">(DLC)sn 83020461</subfield><subfield code="w">(OCoLC)9352244</subfield></datafield></record>